@misc{msdn_documentation_system_random,
  title = "MSDN Documentation - Random",
  howpublished = {\url{https://msdn.microsoft.com/en-us/library/system.random%28v=vs.110%29.aspx?f=255&MSPPError=-2147217396}},
  note = {[cit. 2016-12-09]}
}

@ARTICLE{exampleArticle,
    author =       "A Great Man",
    title =        "About Great Men",
    journal =      "Greatness",
    volume =       "15",
    number =       "9",
    pages =        "100-101",
    year =         "2345"
}
@inproceedings{digra:digraproc,
  author =       {David Deal},
  title =        {Proceesings Title},
  crossref =     {digraproc},
  pages =        {1--7},
}
@proceedings{digraproc,
  editor =       {Suzanne de Castell and Jennifer Jenson},
  title =        {"Proceedings of DiGRA 2005 Conference: Changing Views – Worlds in Play"},
  booktitle =    {"Proceedings of DiGRA 2005 Conference: Changing Views – Worlds in Play"},
  publisher =    {Authors \& Digital Games Research Association DiGRA},
  venue =        {Vancouver, Canada},
  month =        jun,
  year =         {2005},
}
@misc{Unity,
  title = "Create and connect with Unity 5",
  howpublished = {\url{https://unity3d.com/}},
  note = {[cit. 2016-02-26]}
}




